%%% ====================================================================
%%%  BibTeX-file{
%%%     author          = "BibNet",
%%%     version         = "1.01",
%%%     date            = "06 April 1995",
%%%     time            = "10:40:31 MST",
%%%     filename        = "template.bib",
%%%     address         = "Center for Scientific Computing
%%%                        Department of Mathematics
%%%                        University of Utah
%%%                        Salt Lake City, UT 84112
%%%                        USA
%%%                            and
%%%                        Utah Supercomputing Institute
%%%                        University of Utah
%%%                        Salt Lake City, UT 84112
%%%                        USA",
%%%     telephone       = "+1 801 581 5254",
%%%     FAX             = "+1 801 581 4148",
%%%     checksum        = "50833 419 1409 11712",
%%%     email           = "bibnet at math.utah.edu (Internet)",
%%%     codetable       = "ISO/ASCII",
%%%     keywords        = "BibTeX, template",
%%%     supported       = "yes",
%%%     docstring       = "This file contains empty sample BibTeX entry
%%%                        templates, and one filled-in example of each.
%%%
%%%                        The checksum field above contains a CRC-16
%%%                        checksum as the first value, followed by the
%%%                        equivalent of the standard UNIX wc (word
%%%                        count) utility output of lines, words, and
%%%                        characters.  This is produced by Robert
%%%                        Solovay's checksum utility.",
%%%  }
%%% ====================================================================

@Article{BandeiraMarques,
  author =       "Lourenco Bandeira, Jorge S. Marques, Jose Saraiva, and Pedro Pina",
  title =        "Advances in automated detection of sand dunes on Mars",
  journal =      "Earth Surface Processes and Landforms",
  year =         "2013",
  OPTvolume =    "",
  OPTnumber =    "38",
  OPTpages =     "275-283",
  OPTmonth =     "",
  OPTnote =      "",
  bibdate =      "",
}

@Article{Kocurek_Ewing,
  author =       "Gary Kocurek, Ryan C. Ewing",
  title =        "Aeolian dune field self-organization - implications for the formation of simple versus complex dune-field patterns",
  journal =      "Geomorphology",
  year =         "2005",
  OPTvolume =    "",
  OPTnumber =    "72",
  OPTpages =     "94-105",
  OPTmonth =     "",
  OPTnote =      "",
  bibdate =      "",
}

@Article{Ewing_Peyret_Kocurek_Bourke,
  author =       "Ryan C. Ewing, Aymeric-Pierre B. Peyret, Gary Kocurek, and Mary Bourke",
  title =        "Dune field pattern formation and recent transporting winds in the Olympia Undae Dune Field, north polar region of Mars",
  journal =      "Journal of Geophysical Research",
  year =         "2010",
  OPTvolume =    "115",
  OPTnumber =    "",
  OPTpages =     "",
  OPTmonth =     "",
  OPTnote =      "",
  bibdate =      "",
}

@Article{Multi_spatial_analysis_aeolian_dune_field_patterns,
  author =       "Ryan C. Ewing, George D. McDonald, Alex G. Hayes",
  title =        "Multi-spatial analysis of aeolian dune-field patterns",
  journal =      "Journal of Geomorphology",
  year =         "2014",
  OPTvolume =    "",
  OPTnumber =    "",
  OPTpages =     "",
  OPTmonth =     "",
  OPTnote =      "",
  bibdate =      "",
}

@Article{Extraction_roads_multispectral_imagery,
  author =       "Trish Keaton, Jeffrey Brokish",
  title =        "A Level Set Method for the Extraction of Roads from Multispectral Imagery",
  journal =      "Applied Imagery Pattern Recognition Workshop",
  year =         "2002",
  OPTvolume =    "",
  OPTnumber =    "",
  OPTpages =     "",
  OPTmonth =     "",
  OPTnote =      "",
  bibdate =      "",
}

@Article{Improved_Canny_Edge_Detection,
  author =       "Weibin Rong, Zhanjing Li, Wei Zhang, and Lining Sun",
  title =        "An Improved Canny Edge Detection Algorithm",
  journal =      "IEEE International Conference on Mechatronics and Automation",
  year =         "2014",
  OPTvolume =    "",
  OPTnumber =    "",
  OPTpages =     "",
  OPTmonth =     "",
  OPTnote =      "",
  bibdate =      "",
}

@Article{Application_spatial_cross_correlation_detection_submarine_dunes,
  author =       "Garret P. Duffy, and John E. Hughes-Clarke",
  title =        "Application of Spatial Cross Correlation to Detection of Migration of Submarine Sand Dunes",
  journal =      "Journal of Geophysical Research",
  year =         "2005",
  OPTvolume =    "",
  OPTnumber =    "",
  OPTpages =     "",
  OPTmonth =     "",
  OPTnote =      "",
  bibdate =      "",
}

@Article{Canny_edge_detection_enhancement_scale_multiplication,
  author =       "Paul Bao, Lei Zhang, and Xiaolin Wu",
  title =        "Canny Edge Detection Enhancement by Scale Multiplication",
  journal =      "IEEE Transaction on Pattern Analysis and Machine Intelligence",
  year =         "2005",
  OPTvolume =    "",
  OPTnumber =    "",
  OPTpages =     "",
  OPTmonth =     "",
  OPTnote =      "",
  bibdate =      "",
}

@Article{Extracting_ocean_surface_feature_modis,
  author =       "Chih-Chung Kao, Liang-Hwei Lee, Chih-Chiang Tai, Yung-Chung Wei",
  title =        "Extracting the Ocean Surface Feature of Non-linear Internal Solitary Waves in MODIS Satellite Images",
  journal =      "???????????????",
  year =         "???????????????",
  OPTvolume =    "",
  OPTnumber =    "",
  OPTpages =     "",
  OPTmonth =     "",
  OPTnote =      "",
  bibdate =      "",
}

@Article{Runway_detection_tracking_unmanned,
  author =       "Xiaobing Wang, Baokui Li, Qingbo Geng",
  title =        "Runway Detection and Tracking for Unmanned Aerial Vehicle Based on an Improved Canny Edge Detection Algorithm",
  journal =      "4th International Conference on Intelligent Human-Machine Systems and Cybernetics",
  year =         "2012",
  OPTvolume =    "",
  OPTnumber =    "",
  OPTpages =     "",
  OPTmonth =     "",
  OPTnote =      "",
  bibdate =      "",
}