@article{vaz_object_based_dune_analysis,
	title   = {Object-based Dune Analysis: Automated dune mapping and pattern characterization for Ganges Chasma and Gale crater, Mars},
	journal = {Geomorphology},
	number  = {250},
	pages   = {128-139},
	year    = {2015},
	author  = {David Vaz, Pedro Sarmento, Maria Barata, Lori Fenton, Timothy Michaels}
}

@article{goudie_desert_landforms_namibia,
	title   = {Desert Landforms in Namibia - a Landsat interpretation},
	author  = {Andrew S. Goudie}
}

@incollection {goodie_namib_sand_sea_ancient_desert,
	author 	= {Andrew S. Goudie},
	title 	= {Namib Sand Sea: Large Dunes in an Ancient Desert},
	editor 	= {Migoń, Piotr.}
	booktitle   = {Geomorphological Landscapes of the World},
	publisher   = {Springer},
	address     = {New York, NY},
	year        = {2010},
	pages       = {163-169},
	chapter     = 17,
}

@article{lancaster_winds_sand_movement_namib_sea,
	title   = {Winds and Sand Movements in the Namib Sand Sea},
	journal = {Earth Surface Processes and Landforms},
	pages   = {607-–619},
	volume 	= {10},
	year    = {1985},
	author  = {N. Lancaster}
}

@article{lancaster_linear_dunes_kalahari,
	title   = {Development of linear dunes in the southwestern Kalahari Southern Africa},
	journal = {Journal of Arid Environments},
	pages   = {233-244},
	year    = 1987,
	author  = {N. Lancaster}
}

@article{lancaster_dunes_skeleton_coast,
	title   = {Dunes on the Skeleton Coast, Namibia (South West Africa): Geomorphology and Grain Size Relationships},
	journal = {Earth Surface Processes and Landforms},
	pages   = {575-587},
	volume 	= {7},
	year    = {1982},
	author  = {N. Lancaster}
}

@incollection {hesse_australian_desert_dunefields,
	author 	= {Paul P. Hesse},
	title 	= {The Australian desert dunefields: formation and evolution in an old, flat, dry continent},
	editor 	= {Bishop, P. & Pillans, B.}
	booktitle   = {Australian Landscapes},
	publisher   = {Geological Society},
	address     = {London},
	year        = {2010},
	pages       = {141-164},
}

@article {twidale_simpson_desert_australia,
	author 	= {C. R. Twidale},
	title 	= {The Simpson Desert, central Australia},
	journal = {South African Geographic Journal},
	volume 	= 65,
	year	= {1980},
	pages	= {3-17},
}

@incollection {zimbelman_eolian_deposits_western_united_states,
	author 	= {James R. Zimbelman, Steven H. Williams},
	title 	= {Eolian dunes and deposits in the western United States as analogs to wind-related features on Mars},
	editor 	= {Mary Chapman}
	booktitle   = {The Geology of Mars: Evidence from Earth-based Analogs},
	chapter	= {9},
	publisher   = {Cambridge University Press},
	address     = {Cambridge},
	year        = {2007},
	pages       = {232-263},
}

@phdthesis {pepe_winnemucca_dune_complex,
	author 	= {Nathaniel Pepe},
	title 	= {The Geomorphology, Eolian Activity, and Petrology of the Winnemucca Dune Complex, Humboldt County, Nevada, USA},
	school	= {University of Nevada, Reno}
	year        = {2015},
}

@article {ewing_aeolian_dune_interaction_white_sands,
	author 	= {Ryan C. Ewing, Gary A. Kocurek},
	title 	= {Aeolian dune interactions and dune-field pattern formation: White Sands Dune Field, New Mexico},
	journal = {Sedimentology},
	volume 	= 57,
	year	= {2010},
	pages	= {1199-1219},
}

@conference {fenton_aeolian_sediment_ganges_chasma_mars,
	author 	= {L. K. Fenton, T. I. Michaels, R. A. Beyer},
	title 	= {Aeolian Sediment Sources and Transport in Ganges Chasma, Mars: Morphology and Atmospheric Modeling},
	conference = {43rd Lunar and Planetary Science Conference},
	year	= {2012},
}

@article{huang_median_filtering_algorithm,
	title   = {A fast two-dimensional median filtering algorithm},
	journal = {IEEE Transactions on Acoustics, Speech, Signal Processing},
	pages   = {13-18},
	volume 	= {27},
	year    = {1979},
	number 	= {1}
	author  = {T. Huang, G. Yang, G. Tang}
}

@book {digital_image_processing_book,
	title   = {Digital Image Processing},
	year    = {2008},
	author  = {R. C. Gonzalez, R. E. Woods}
	edition = {Third Edition}
}

@article{lowe_sift_paper,
	title   = {Distinctive Image Features from Scale-Invariant Keypoints},
	journal = {International Journal of Computer Vision},
	year    = {2004},
	author  = {David G. Lowe}
}

@article{dalal_histogram_oriented_gradients_human_detection,
	title   = {Histograms of Oriented Gradients for Human Detection},
	journal = {CVPR},
	pages   = {886-893},
	year    = {2005},
	author  = {N. Dalal, B. Triggs}
}

@article{hu_gradient_field_descriptor,
	title   = {Gradient Field Descriptor for Sketch Based Retrieval and Localization},
	journal = {2010 IEEE International Conference on Image Processing},
	pages   = {1025-1028},
	year    = {2010},
	author  = {Rui Hu, Mark Barnard, John Collomosse}
}

@article{opencv_library,
    author = {Bradski, G.},
    citeulike-article-id = {2236121},
    journal = {Dr. Dobb's Journal of Software Tools},
    keywords = {bibtex-import},
    posted-at = {2008-01-15 19:21:54},
    priority = {4},
    title = ,
    year = {2000}
}

@Article{BandeiraMarques,
  author =       "Lourenco Bandeira, Jorge S. Marques, Jose Saraiva, and Pedro Pina",
  title =        "Advances in automated detection of sand dunes on Mars",
  journal =      "Earth Surface Processes and Landforms",
  year =         "2013",
  OPTvolume =    "",
  OPTnumber =    "38",
  OPTpages =     "275-283",
  OPTmonth =     "",
  OPTnote =      "",
  bibdate =      "",
}

@Article{Kocurek_Ewing,
  author =       "Gary Kocurek, Ryan C. Ewing",
  title =        "Aeolian dune field self-organization - implications for the formation of simple versus complex dune-field patterns",
  journal =      "Geomorphology",
  year =         "2005",
  OPTvolume =    "",
  OPTnumber =    "72",
  OPTpages =     "94-105",
  OPTmonth =     "",
  OPTnote =      "",
  bibdate =      "",
}

@Article{Ewing_Peyret_Kocurek_Bourke,
  author =       "Ryan C. Ewing, Aymeric-Pierre B. Peyret, Gary Kocurek, and Mary Bourke",
  title =        "Dune field pattern formation and recent transporting winds in the Olympia Undae Dune Field, north polar region of Mars",
  journal =      "Journal of Geophysical Research",
  year =         "2010",
  OPTvolume =    "115",
  OPTnumber =    "",
  OPTpages =     "",
  OPTmonth =     "",
  OPTnote =      "",
  bibdate =      "",
}

@Article{Multi_spatial_analysis_aeolian_dune_field_patterns,
  author =       "Ryan C. Ewing, George D. McDonald, Alex G. Hayes",
  title =        "Multi-spatial analysis of aeolian dune-field patterns",
  journal =      "Journal of Geomorphology",
  year =         "2014",
  OPTvolume =    "",
  OPTnumber =    "",
  OPTpages =     "",
  OPTmonth =     "",
  OPTnote =      "",
  bibdate =      "",
}

@Article{Extraction_roads_multispectral_imagery,
  author =       "Trish Keaton, Jeffrey Brokish",
  title =        "A Level Set Method for the Extraction of Roads from Multispectral Imagery",
  journal =      "Applied Imagery Pattern Recognition Workshop",
  year =         "2002",
  OPTvolume =    "",
  OPTnumber =    "",
  OPTpages =     "",
  OPTmonth =     "",
  OPTnote =      "",
  bibdate =      "",
}

@Article{Improved_Canny_Edge_Detection,
  author =       "Weibin Rong, Zhanjing Li, Wei Zhang, and Lining Sun",
  title =        "An Improved Canny Edge Detection Algorithm",
  journal =      "IEEE International Conference on Mechatronics and Automation",
  year =         "2014",
  OPTvolume =    "",
  OPTnumber =    "",
  OPTpages =     "",
  OPTmonth =     "",
  OPTnote =      "",
  bibdate =      "",
}

@Article{Application_spatial_cross_correlation_detection_submarine_dunes,
  author =       "Garret P. Duffy, and John E. Hughes-Clarke",
  title =        "Application of Spatial Cross Correlation to Detection of Migration of Submarine Sand Dunes",
  journal =      "Journal of Geophysical Research",
  year =         "2005",
  OPTvolume =    "",
  OPTnumber =    "",
  OPTpages =     "",
  OPTmonth =     "",
  OPTnote =      "",
  bibdate =      "",
}

@Article{Canny_edge_detection_enhancement_scale_multiplication,
  author =       "Paul Bao, Lei Zhang, and Xiaolin Wu",
  title =        "Canny Edge Detection Enhancement by Scale Multiplication",
  journal =      "IEEE Transaction on Pattern Analysis and Machine Intelligence",
  year =         "2005",
  OPTvolume =    "",
  OPTnumber =    "",
  OPTpages =     "",
  OPTmonth =     "",
  OPTnote =      "",
  bibdate =      "",
}

@Article{Extracting_ocean_surface_feature_modis,
  author =       "Chih-Chung Kao, Liang-Hwei Lee, Chih-Chiang Tai, Yung-Chung Wei",
  title =        "Extracting the Ocean Surface Feature of Non-linear Internal Solitary Waves in MODIS Satellite Images",
  journal =      "???????????????",
  year =         "???????????????",
  OPTvolume =    "",
  OPTnumber =    "",
  OPTpages =     "",
  OPTmonth =     "",
  OPTnote =      "",
  bibdate =      "",
}

@Article{Runway_detection_tracking_unmanned,
  author =       "Xiaobing Wang, Baokui Li, Qingbo Geng",
  title =        "Runway Detection and Tracking for Unmanned Aerial Vehicle Based on an Improved Canny Edge Detection Algorithm",
  journal =      "4th International Conference on Intelligent Human-Machine Systems and Cybernetics",
  year =         "2012",
  OPTvolume =    "",
  OPTnumber =    "",
  OPTpages =     "",
  OPTmonth =     "",
  OPTnote =      "",
  bibdate =      "",
}

@Article{Robust_Faint_Line_Detection_Enhancement_Algorithm,
  author =       "Mrinmoy Ghorai and Bhabatosh Chanda",
  title =        "A Robust Faint Line Detection and Enhancement Algorithm for Mural Images",
  journal =      "Fourth National Conference on Computer Vision, Pattern Recognition, Image Processing and Graphics",
  year =         "2013",
  OPTvolume =    "",
  OPTnumber =    "",
  OPTpages =     "",
  OPTmonth =     "",
  OPTnote =      "",
  bibdate =      "",
}

@Article{Image_Edge_detection_Rotating_Kernel_Transformation,
  author =       "Shuai Wanh, Shuifa Sun, Qing Guo, Fangmin Dong, and Chunyan Zhou",
  title =        "Image Edge Detection Based on Rotating Kernel Transformation",
  journal =      "7th International Congress on Image and Signal Processing",
  year =         "2014",
  OPTvolume =    "",
  OPTnumber =    "",
  OPTpages =     "",
  OPTmonth =     "",
  OPTnote =      "",
  bibdate =      "",
}

@Article{Automated_cable_tracking_sonar_imagery,
  author =       "Jason C. Isaacs and Ross Goroshin",
  title =        "Automated Cable Tracking in Sonar Imagery",
  journal =      "???????????????????",
  year =         "???????????????????",
  OPTvolume =    "",
  OPTnumber =    "",
  OPTpages =     "",
  OPTmonth =     "",
  OPTnote =      "",
  bibdate =      "",
}

@Article{Organization_smooth_image_curves_multiple_scales,
  author =       "David G. Lowe",
  title =        "Organization of Smooth Image Curves at Multiple Scales",
  journal =      "???????????????????",
  year =         "1988",
  OPTvolume =    "",
  OPTnumber =    "",
  OPTpages =     "",
  OPTmonth =     "",
  OPTnote =      "",
  bibdate =      "",
}

@Article{Edge_linking_using_geodesic_distance_neighborhood_information,
  author =       "Zhijie Wang, Hong Zhang",
  title =        "Edge Linking Using Geodesic Distance and Neighborhood Information",
  journal =      "International Conference on Advanced Intelligent Mechatronics",
  year =         "2008",
  OPTvolume =    "",
  OPTnumber =    "",
  OPTpages =     "",
  OPTmonth =     "",
  OPTnote =      "",
  bibdate =      "",
}

@Article{Sequential_edge_linking_method_segmentation_remotely_sensed_imagery,
  author =       "Xiaomin Ji, Xueliang Zhang, and Lifeng Zhang",
  title =        "Sequential Edge Linking Method for Segmentation of Remotely Sensed Imagery Based on Heuristic Search",
  journal =      "????",
  year =         "????",
  OPTvolume =    "",
  OPTnumber =    "",
  OPTpages =     "",
  OPTmonth =     "",
  OPTnote =      "",
  bibdate =      "",
}

@Article{Illumination_normalization_based_on_2d_gaussian_model,
  author =       "Yu Cheng, Zhigang Jin, and Cunming Hao",
  title =        "Illumination Normalization based on 2D Gaussian Illumination Model",
  journal =      "International Conference on Advanced Computer Theory and Engineering (ICACTE)",
  year =         "2010",
  OPTvolume =    "",
  OPTnumber =    "",
  OPTpages =     "",
  OPTmonth =     "",
  OPTnote =      "",
  bibdate =      "",
}

@Article{Illumination_normalization_among_multiple_remote_senging_images,
  author =       "Guoji Zhang, Qiang Chen, and Quansen Sun",
  title =        "Illumination Normalization Among Multiple Remote-Sensing Images",
  journal =      "IEEE Geoscience and Remote Sensing Letters",
  year =         "2014",
  OPTvolume =    "11",
  OPTnumber =    "9",
  OPTpages =     "",
  OPTmonth =     "",
  OPTnote =      "",
  bibdate =      "",
}

@Article{Illumination_normalization_for_image_restoration_using_modified_retinex_algorithm,
  author =       "G.Lloyds Raja, Maheshkumar H. Kolekar",
  title =        "Illumination Normalization for Image Restoration Using Modified Retinex Algorithm",
  journal =      "IEEE ???",
  year =         "2012"",
  OPTvolume =    "",
  OPTnumber =    "",
  OPTpages =     "",
  OPTmonth =     "",
  OPTnote =      "",
  bibdate =      "",
}

@Article{Image_segmentation_using_texture_gradient_based_watershed_transform,
  author =       "Paul R. Hill, C. Nishan Canagarajah, and David R. Bull",
  title =        "Image Segmentation Using a Texture Gradient Based Watershed Transform",
  journal =      "IEEE Transactions on Image Processing",
  year =         "2003",
  OPTvolume =    "12",
  OPTnumber =    "12",
  OPTpages =     "1618-1633",
  OPTmonth =     "",
  OPTnote =      "",
  bibdate =      "",
}

@Article{Watershed-based-textural-image-segmentation,
  author =       "Shuang Wang, Xuili Ma, Xiangrong Zhang, and Licheng Jiao",
  title =        "Watershged-Based Textural Image Segmentation",
  journal =      "International Symposium on Intelligent Signal Processing and Communications Systems",
  year =         "2007",
  OPTvolume =    "",
  OPTnumber =    "",
  OPTpages =     "",
  OPTmonth =     "",
  OPTnote =      "",
  bibdate =      "",
}

@Article{Fingerprint-pore-extraction-based-marker-controlled-watershed-segmentation,
  author =       "S. Malathi, S. Uma Maheswari, C. Meena",
  title =        "Fingerprint Pore Extraction Based on Marker Controlled Watershed Segmentation",
  journal =      "IEEE",
  year =         "2010",
  OPTvolume =    "",
  OPTnumber =    "",
  OPTpages =     "",
  OPTmonth =     "",
  OPTnote =      "",
  bibdate =      "",
}

@Article{Watershed-transform-definition-algorithms-parallelization-strategies,
  author =       "Jos B.T.M. Roerdink, and Arnold Meijster",
  title =        "The Watershed Transform: Definitions, Algorithms and Parallelization Strategies",
  journal =      "Fundamenta Informaticae",
  year =         "2001",
  OPTvolume =    "41",
  OPTnumber =    "",
  OPTpages =     "187-228",
  OPTmonth =     "",
  OPTnote =      "",
  bibdate =      "",
}

@Article{Detection-breast-tumor-candidates-using-marker-controlled-watershed-segmentation,
  author =       "Samual H. Lewis and Aijuan Dong",
  title =        "Detection of Breast Tumor Candidates Using Marker-controlled Watershed Segmentation and Morphological Analysis",
  journal =      "IEEE ???",
  year =         "2012",
  OPTvolume =    "41",
  OPTnumber =    "",
  OPTpages =     "187-228",
  OPTmonth =     "",
  OPTnote =      "",
  bibdate =      "",
}

@Article{Summed-area-tables-for-texture-mapping,
  author =       "Franklin C. Crow",
  title =        "Summed-Area Tables for Texture Mapping",
  journal =      "Computer Graphics",
  year =         "1984",
  OPTvolume =    "18",
  OPTnumber =    "3",
  OPTpages =     "207-212",
  OPTmonth =     "",
  OPTnote =      "",
  bibdate =      "",
}

@Article{Robust-real-time-Object-Detection,
  author =       "Paul Viola, and Michael J. Jones",
  title =        "Robust Real-Time Object Detection",
  journal =      "",
  year =         "2001",
  OPTvolume =    "",
  OPTnumber =    "",
  OPTpages =     "",
  OPTmonth =     "",
  OPTnote =      "",
  bibdate =      "",
}

@Article{Color-image-segmentation,
  author =       "F. Meyer",
  title =        "Color Image Segmentation",
  journal =      "ICIP92",
  year =         "1992",
  OPTvolume =    "",
  OPTnumber =    "",
  OPTpages =     "",
  OPTmonth =     "",
  OPTnote =      "",
  bibdate =      "",
}

@Article{Bilateral-filtering-gray-color-images,
  author =       "C. Tomasi, R. Manduchi",
  title =        "Bilateral Filtering for Gray and Color Images",
  journal =      "Proceedings of the 1998 IEEE International Conference on Computer Vision",
  year =         "1998",
  OPTvolume =    "",
  OPTnumber =    "",
  OPTpages =     "",
  OPTmonth =     "",
  OPTnote =      "",
  bibdate =      "",
}

@Article{Automated-mapping-linear-dunefield-morphometric-parameters,
  author =       "M.W. Telfer, RM. Fyfe, S. Lewin",
  title =        "Automated mapping of linear dunefield morphometric parameters from remotely-sensed data",
  journal =      "Aeolian Research",
  year =         "2015",
  OPTvolume =    "",
  OPTnumber =    "",
  OPTpages =     "",
  OPTmonth =     "",
  OPTnote =      "",
  bibdate =      "",
}

@Article{Probabilistic-tensor-voting-robust-perceptual-grouping,
  author =       "Dian Gong and Gerard Medioni",
  title =        "Probabilistic Tensor Voting for Robust Perceptual Grouping",
  journal =      "???",
  year =         "2012",
  OPTvolume =    "",
  OPTnumber =    "",
  OPTpages =     "",
  OPTmonth =     "",
  OPTnote =      "",
  bibdate =      "",
}

@Article{Inferring-global-perceptual-contours-local-features,
  author =       "Gideon Guy and Gerard Medioni",
  title =        "Inferring Global Perceptual Contours from Local Features",
  journal =      "???",
  year =         "1993",
  OPTvolume =    "",
  OPTnumber =    "",
  OPTpages =     "",
  OPTmonth =     "",
  OPTnote =      "",
  bibdate =      "",
}

@Article{Relationship-between-precision-recall-roc-curves,
  author =       "Jesse Davis, and Mark Goadrich",
  title =        "The Relationship Between Precision-Recall and ROC Curves",
  journal =      "Proceedings of the 23rd International Conference on Machine Learning",
  year =         "2006",
  OPTvolume =    "",
  OPTnumber =    "",
  OPTpages =     "",
  OPTmonth =     "",
  OPTnote =      "",
  bibdate =      "",
}